@book{Loi,
	title		= {Introduzione alla Topologia Generale},
	author	= {Andrea Loi},
	isbn		= {978-88-548-5917-3},
	DOI		= {10.1007/978-1-4419-9982-5},
	year		= {2013},
	publisher	= {Aracne}
}

@book{lee,
	title		= {Introduction to Smooth Manifolds},
	author	= {John M. Lee},
	isbn		= {978-1-4419-9982-5},
	DOI		= {10.1007/978-1-4419-9982-5},
	publisher	= {Springer}
}

@book{tu,
	title		= {An Introduction to Manifolds},
	author	= {Loring W. Tu},
	isbn		= {978-1-4419-7400-6},
	DOI		= {10.1007/978-1-4419-7400-6},
	year		= {2010},
	publisher	= {Springer}
}

@book{Lee-top,
	title		= {An Introduction to Topological Manifolds},
	author	= {John M. Lee},
	isbn		= {978-1-4419-7940-7},
	DOI		= {10.1007/978-1-4419-7940-7},
	year		= {2010},
	publisher	= {Springer}
}